@inproceedings{HidingRoutingInformation,
  title={Hiding routing information},
  author={Goldschlag, David M and Reed, Michael G and Syverson, Paul F},
  booktitle={International Workshop on Information Hiding},
  pages={137--150},
  year={1996},
  organization={Springer}
}

@inproceedings{FormalTreatment,
  title={A formal treatment of onion routing},
  author={Camenisch, Jan and Lysyanskaya, Anna},
  booktitle={Annual International Cryptology Conference},
  pages={169--187},
  year={2005},
  organization={Springer}
}

@misc{OnionRoutingPatent,
  title={Onion routing network for securely moving data through communication networks},
  author={Reed, Michael G and Syverson, Paul F and Goldschlag, David M},
  year={2001},
  month=jul # "~24",
  publisher={Google Patents},
  note={US Patent 6,266,704}
}

@article{AES,
  title={Announcing the advanced encryption standard (aes)},
  author={Daemen, Joan and Rijmen, Vincent},
  journal={Federal Information Processing Standards Publication},
  volume={197},
  year={2001}
}

@article{SymmetricVsAsymmetric,
  title={A comparative survey on symmetric key encryption techniques},
  author={Agrawal, Monika and Mishra, Pradeep},
  journal={International Journal on Computer Science and Engineering},
  volume={4},
  number={5},
  pages={877},
  year={2012},
  publisher={Engg Journals Publications}
}

@article{RSA,
  title={A method for obtaining digital signatures and public-key cryptosystems},
  author={Rivest, Ronald L and Shamir, Adi and Adleman, Leonard},
  journal={Communications of the ACM},
  volume={21},
  number={2},
  pages={120--126},
  year={1978},
  publisher={ACM}
}

@article{lambdacal,
  title={A concurrent lambda calculus with futures},
  author={Niehren, Joachim and Schwinghammer, Jan and Smolka, Gert},
  journal={Theoretical Computer Science},
  volume={364},
  number={3},
  pages={338--356},
  year={2006},
  publisher={Elsevier}
}
